@article{zingales2018exogan,
  title={Exogan: Retrieving exoplanetary atmospheres using deep convolutional generative adversarial networks},
  author={Zingales, Tiziano and Waldmann, Ingo P},
  journal={The Astronomical Journal},
  volume={156},
  number={6},
  pages={268},
  year={2018},
  publisher={IOP Publishing}
}

@article{madhusudhan2018atmospheric,
  title={Atmospheric retrieval of exoplanets},
  author={Madhusudhan, Nikku},
  journal={Handbook of Exoplanets},
  pages={1--30},
  year={2018},
  publisher={Springer}
}

@article{madhusudhan2014exoplanetary,
  title={Exoplanetary atmospheres},
  author={Madhusudhan, Nikku and Knutson, Heather and Fortney, Jonathan and Barman, Travis},
  journal={arXiv preprint arXiv:1402.1169},
  year={2014}
}

@article{radford2015unsupervised,
  title={Unsupervised representation learning with deep convolutional generative adversarial networks},
  author={Radford, Alec and Metz, Luke and Chintala, Soumith},
  journal={arXiv preprint arXiv:1511.06434},
  year={2015}
}

@inproceedings{gulrajani2017improved,
  title={Improved training of wasserstein gans},
  author={Gulrajani, Ishaan and Ahmed, Faruk and Arjovsky, Martin and Dumoulin, Vincent and Courville, Aaron C},
  booktitle={Advances in Neural Information Processing Systems},
  pages={5767--5777},
  year={2017}
}

@inproceedings{goodfellow2014generative,
  title={Generative adversarial nets},
  author={Goodfellow, Ian and Pouget-Abadie, Jean and Mirza, Mehdi and Xu, Bing and Warde-Farley, David and Ozair, Sherjil and Courville, Aaron and Bengio, Yoshua},
  booktitle={Advances in neural information processing systems},
  pages={2672--2680},
  year={2014}
}

@article{waldmann2015tau,
  title={Tau-REx I: A next generation retrieval code for exoplanetary atmospheres},
  author={Waldmann, Ingo P and Tinetti, Giovanna and Rocchetto, Marco and Barton, Emma J and Yurchenko, Sergey N and Tennyson, Jonathan},
  journal={The Astrophysical Journal},
  volume={802},
  number={2},
  pages={107},
  year={2015},
  publisher={IOP Publishing}
}

@article{waldmann2015rex,
  title={-REx. II. RETRIEVAL OF EMISSION SPECTRA},
  author={Waldmann, Ingo P and Rocchetto, Marco and Tinetti, Giovanna and Barton, Emma J and Yurchenko, Sergey N and Tennyson, Jonathan},
  journal={The Astrophysical Journal},
  volume={813},
  number={1},
  pages={13},
  year={2015},
  publisher={IOP Publishing}
}

@article{soboczenski2018bayesian,
  title={Bayesian Deep Learning for Exoplanet Atmospheric Retrieval},
  author={Soboczenski, Frank and Himes, Michael D and O'Beirne, Molly D and Zorzan, Simone and Baydin, Atilim Gunes and Cobb, Adam D and Angerhausen, Daniel and Arney, Giada N and Domagal-Goldman, Shawn D},
  journal={arXiv preprint arXiv:1811.03390},
  year={2018}
}

@article{ormel2019arcis,
  title={ARCiS framework for exoplanet atmospheres-The cloud transport model},
  author={Ormel, Chris W and Min, Michiel},
  journal={Astronomy \& Astrophysics},
  volume={622},
  pages={A121},
  year={2019},
  publisher={EDP Sciences}
}

@article{yip2019pushing,
  title={Pushing the Limits of Exoplanet Discovery via Direct Imaging with Deep Learning},
  author={Yip, Kai Hou and Nikolaou, Nikolaos and Coronica, Piero and Tsiaras, Angelos and Edwards, Billy and Changeat, Quentin and Morvan, Mario and Biller, Beth and Hinkley, Sasha and Salmond, Jeffrey and others},
  journal={arXiv preprint arXiv:1904.06155},
  year={2019}
}

@article{xu2015empirical,
  title={Empirical evaluation of rectified activations in convolutional network},
  author={Xu, Bing and Wang, Naiyan and Chen, Tianqi and Li, Mu},
  journal={arXiv preprint arXiv:1505.00853},
  year={2015}
}

@article{dumoulin2016guide,
  title={A guide to convolution arithmetic for deep learning},
  author={Dumoulin, Vincent and Visin, Francesco},
  journal={arXiv preprint arXiv:1603.07285},
  year={2016}
}

@article{arjovsky2017wasserstein,
  title={Wasserstein gan},
  author={Arjovsky, Martin and Chintala, Soumith and Bottou, L{\'e}on},
  journal={arXiv preprint arXiv:1701.07875},
  year={2017}
}

@inproceedings{ng2004feature,
  title={Feature selection, L 1 vs. L 2 regularization, and rotational invariance},
  author={Ng, Andrew Y},
  booktitle={Proceedings of the twenty-first international conference on Machine learning},
  pages={78},
  year={2004},
  organization={ACM}
}

@inproceedings{yeh2017semantic,
  title={Semantic image inpainting with deep generative models},
  author={Yeh, Raymond A and Chen, Chen and Yian Lim, Teck and Schwing, Alexander G and Hasegawa-Johnson, Mark and Do, Minh N},
  booktitle={Proceedings of the IEEE Conference on Computer Vision and Pattern Recognition},
  pages={5485--5493},
  year={2017}
}

@inproceedings{horn1990hadamard,
  title={The hadamard product},
  author={Horn, Roger A},
  booktitle={Proc. Symp. Appl. Math},
  volume={40},
  pages={87--169},
  year={1990}
}

@article{tennyson2016exomol,
  title={The ExoMol database: molecular line lists for exoplanet and other hot atmospheres},
  author={Tennyson, Jonathan and Yurchenko, Sergei N and Al-Refaie, Ahmed F and Barton, Emma J and Chubb, Katy L and Coles, Phillip A and Diamantopoulou, S and Gorman, Maire N and Hill, Christian and Lam, Aden Z and others},
  journal={Journal of Molecular Spectroscopy},
  volume={327},
  pages={73--94},
  year={2016},
  publisher={Elsevier}
}

@inproceedings{liu2018image,
  title={Image inpainting for irregular holes using partial convolutions},
  author={Liu, Guilin and Reda, Fitsum A and Shih, Kevin J and Wang, Ting-Chun and Tao, Andrew and Catanzaro, Bryan},
  booktitle={Proceedings of the European Conference on Computer Vision (ECCV)},
  pages={85--100},
  year={2018}
}

@article{madhusudhan2009temperature,
  title={A temperature and abundance retrieval method for exoplanet atmospheres},
  author={Madhusudhan, N and Seager, Sara},
  journal={The Astrophysical Journal},
  volume={707},
  number={1},
  pages={24},
  year={2009},
  publisher={IOP Publishing}
}

@article{line2013systematic,
  title={A systematic retrieval analysis of secondary eclipse spectra. I. A comparison of atmospheric retrieval techniques},
  author={Line, Michael R and Wolf, Aaron S and Zhang, Xi and Knutson, Heather and Kammer, Joshua A and Ellison, Elias and Deroo, Pieter and Crisp, Dave and Yung, Yuk L},
  journal={The Astrophysical Journal},
  volume={775},
  number={2},
  pages={137},
  year={2013},
  publisher={IOP Publishing}
}

@article{irwin2008nemesis,
  title={The NEMESIS planetary atmosphere radiative transfer and retrieval tool},
  author={Irwin, PGJ and Teanby, NA and De Kok, R and Fletcher, LN and Howett, CJA and Tsang, CCC and Wilson, CF and Calcutt, SB and Nixon, CA and Parrish, PD},
  journal={Journal of Quantitative Spectroscopy and Radiative Transfer},
  volume={109},
  number={6},
  pages={1136--1150},
  year={2008},
  publisher={Elsevier}
}

@article{benneke2012atmospheric,
  title={Atmospheric retrieval for super-Earths: uniquely constraining the atmospheric composition with transmission spectroscopy},
  author={Benneke, Bjoern and Seager, Sara},
  journal={The Astrophysical Journal},
  volume={753},
  number={2},
  pages={100},
  year={2012},
  publisher={IOP Publishing}
}

@article{lavie2017helios,
  title={HELIOS--RETRIEVAL: an open-source, nested sampling atmospheric retrieval code; application to the HR 8799 exoplanets and inferred constraints for planet formation},
  author={Lavie, Baptiste and Mendon{\c{c}}a, Jo{\~a}o M and Mordasini, Christoph and Malik, Matej and Bonnefoy, Micka{\"e}l and Demory, Brice-Olivier and Oreshenko, Maria and Grimm, Simon L and Ehrenreich, David and Heng, Kevin},
  journal={The Astronomical Journal},
  volume={154},
  number={3},
  pages={91},
  year={2017},
  publisher={IOP Publishing}
}

@article{gandhi2017retrieval,
  title={Retrieval of exoplanet emission spectra with HyDRA},
  author={Gandhi, Siddharth and Madhusudhan, Nikku},
  journal={Monthly Notices of the Royal Astronomical Society},
  volume={474},
  number={1},
  pages={271--288},
  year={2017},
  publisher={Oxford University Press}
}

@article{sing2016continuum,
  title={A continuum from clear to cloudy hot-Jupiter exoplanets without primordial water depletion},
  author={Sing, David K and Fortney, Jonathan J and Nikolov, Nikolay and Wakeford, Hannah R and Kataria, Tiffany and Evans, Thomas M and Aigrain, Suzanne and Ballester, Gilda E and Burrows, Adam S and Deming, Drake and others},
  journal={Nature},
  volume={529},
  number={7584},
  pages={59},
  year={2016},
  publisher={Nature Publishing Group}
}

@misc{nasa_2015, title={Exoplanet Exploration: Planets Beyond our Solar System}, url={https://exoplanets.nasa.gov/}, journal={NASA}, publisher={NASA}, year={2015}, month={Dec}}

@article{min2019arcis,
  title={The ARCiS framework for Exoplanet Atmospheres
Modelling Philosophy and Radiative Transfer},
  author={M. Min, C. W. Ormel and others},
  journal={To be submitted},
  volume={},
  number={},
  pages={},
  year={},
  publisher={}
}

@article{waldmann2016dreaming,
  title={Dreaming of atmospheres},
  author={Waldmann, IP},
  journal={The Astrophysical Journal},
  volume={820},
  number={2},
  pages={107},
  year={2016},
  publisher={IOP Publishing}
}

@article{marquez2018supervised,
  title={Supervised machine learning for analysing spectra of exoplanetary atmospheres},
  author={M{\'a}rquez-Neila, Pablo and Fisher, Chloe and Sznitman, Raphael and Heng, Kevin},
  journal={Nature astronomy},
  volume={2},
  number={9},
  pages={719},
  year={2018},
  publisher={Nature Publishing Group}
}

@book{krijt2015grains,
  title={From grains to planetesimals: the microphysics of dust coagulation},
  author={Krijt, Sebastiaan and others},
  year={2015},
  publisher={Leiden Observatory, Faculty of Science, Leiden University}
}

@article{kingma2014adam,
  title={Adam: A method for stochastic optimization},
  author={Kingma, Diederik P and Ba, Jimmy},
  journal={arXiv preprint arXiv:1412.6980},
  year={2014}
}

@article{li2019model,
  title={Model Comparison of Dark Energy models Using Deep Network},
  author={Li, Shi-Yu and Li, Yun-Long and Zhang, Tong-Jie},
  journal={arXiv preprint arXiv:1907.00568},
  year={2019}
}

@article{glaser2019radiogan,
  title={RadioGAN--Translations between different radio surveys with generative adversarial networks},
  author={Glaser, Nina and Wong, O Ivy and Schawinski, Kevin and Zhang, Ce},
  journal={Monthly Notices of the Royal Astronomical Society},
  volume={487},
  number={3},
  pages={4190--4207},
  year={2019},
  publisher={Oxford University Press}
}

@article{werhahn2019multi,
  title={A Multi-Pass GAN for Fluid Flow Super-Resolution},
  author={Werhahn, Maximilian and Xie, You and Chu, Mengyu and Thuerey, Nils},
  journal={arXiv preprint arXiv:1906.01689},
  year={2019}
}

@article{wu2019enforcing,
  title={Enforcing statistical constraints in generative adversarial networks for modeling chaotic dynamical systems},
  author={Wu, Jin-Long and Kashinath, Karthik and Albert, Adrian and Chirila, Dragos and Xiao, Heng and others},
  journal={arXiv preprint arXiv:1905.06841},
  year={2019}
}

@article{kazemifar2019mri,
  title={MRI-only brain radiotherapy: Assessing the dosimetric accuracy of synthetic CT images generated using a deep learning approach},
  author={Kazemifar, Samaneh and McGuire, Sarah and Timmerman, Robert and Wardak, Zabi and Nguyen, Dan and Park, Yang and Jiang, Steve and Owrangi, Amir},
  journal={Radiotherapy and Oncology},
  volume={136},
  pages={56--63},
  year={2019},
  publisher={Elsevier}
}

@article{lin2019machine,
  title={Machine learning templates for QCD factorization in the search for physics beyond the standard model},
  author={Lin, Joshua and Bhimji, Wahid and Nachman, Benjamin},
  journal={Journal of High Energy Physics},
  volume={2019},
  number={5},
  pages={181},
  year={2019},
  publisher={Springer}
}

@article{di2019dijetgan,
  title={DijetGAN: A Generative-Adversarial Network Approach for the Simulation of QCD Dijet Events at the LHC},
  author={Di Sipio, Riccardo and Giannelli, Michele Faucci and Haghighat, Sana Ketabchi and Palazzo, Serena},
  journal={arXiv preprint arXiv:1903.02433},
  year={2019}
}

@article{hashemi2019lhc,
  title={LHC analysis-specific datasets with Generative Adversarial Networks},
  author={Hashemi, Bobak and Amin, Nick and Datta, Kaustuv and Olivito, Dominick and Pierini, Maurizio},
  journal={arXiv preprint arXiv:1901.05282},
  year={2019}
}

@article{chekalina2018generative,
  title={Generative Models for Fast Calorimeter Simulation. LHCb case},
  author={Chekalina, Viktoria and Orlova, Elena and Ratnikov, Fedor and Ulyanov, Dmitry and Ustyuzhanin, Andrey and Zakharov, Egor},
  journal={arXiv preprint arXiv:1812.01319},
  year={2018}
}

@article{paganini2018calogan,
  title={CaloGAN: Simulating 3D high energy particle showers in multilayer electromagnetic calorimeters with generative adversarial networks},
  author={Paganini, Michela and de Oliveira, Luke and Nachman, Benjamin},
  journal={Physical Review D},
  volume={97},
  number={1},
  pages={014021},
  year={2018},
  publisher={APS}
}

@article{maevskiy2019fast,
  title={Fast Data-Driven Simulation of Cherenkov Detectors Using Generative Adversarial Networks},
  author={Maevskiy, Artem and Derkach, Denis and Kazeev, Nikita and Ustyuzhanin, Andrey and Artemev, Maksim and Anderlini, Lucio},
  journal={arXiv preprint arXiv:1905.11825},
  year={2019}
}

@article{paganini2019machine,
  title={Machine Learning Solutions for High Energy Physics: Applications to Electromagnetic Shower Generation, Flavor Tagging, and the Search for di-Higgs Production},
  author={Paganini, Michela},
  journal={arXiv preprint arXiv:1903.05082},
  year={2019}
}

@article{odena2016deconvolution,
  title={Deconvolution and checkerboard artifacts},
  author={Odena, Augustus and Dumoulin, Vincent and Olah, Chris},
  journal={Distill},
  volume={1},
  number={10},
  pages={e3},
  year={2016}
}

@article{liu2018large,
  title={Large-scale celebfaces attributes (celeba) dataset},
  author={Liu, Ziwei and Luo, Ping and Wang, Xiaogang and Tang, Xiaoou},
  journal={Retrieved August},
  volume={15},
  pages={2018},
  year={2018}
}

@article{gardner2006james,
  title={The james webb space telescope},
  author={Gardner, Jonathan P and Mather, John C and Clampin, Mark and Doyon, Rene and Greenhouse, Matthew A and Hammel, Heidi B and Hutchings, John B and Jakobsen, Peter and Lilly, Simon J and Long, Knox S and others},
  journal={Space Science Reviews},
  volume={123},
  number={4},
  pages={485--606},
  year={2006},
  publisher={Springer}
}

@inproceedings{tinetti2016science,
  title={The science of ARIEL (Atmospheric Remote-sensing Infrared Exoplanet Large-survey)},
  author={Tinetti, G and Drossart, P and Eccleston, P and Hartogh, P and Heske, A and Leconte, J and Micela, G and Ollivier, M and Pilbratt, G and Puig, L and others},
  booktitle={Space Telescopes and Instrumentation 2016: Optical, Infrared, and Millimeter Wave},
  volume={9904},
  pages={99041X},
  year={2016},
  organization={International Society for Optics and Photonics}
}

@article{henning2013chemistry,
  title={Chemistry in protoplanetary disks},
  author={Henning, Thomas and Semenov, Dmitry},
  journal={Chemical Reviews},
  volume={113},
  number={12},
  pages={9016--9042},
  year={2013},
  publisher={ACS Publications}
}

@article{mescheder2018training,
  title={Which training methods for GANs do actually converge?},
  author={Mescheder, Lars and Geiger, Andreas and Nowozin, Sebastian},
  journal={arXiv preprint arXiv:1801.04406},
  year={2018}
}

@misc{a_recipe_for_training_neural_networks,
    url={https://karpathy.github.io/2019/04/25/recipe/}, 
    journal={A Recipe for Training Neural Networks}
}

@misc{rsun_source,
    title={extrasolar planet's catalogue produced by kyoto university}, 
    url={http://www.exoplanetkyoto.org/}
}    
